@misc{qualys,
    title = "Apache HTTP Server Path Traversal & Remote Code Execution (CVE-2021-41773 & CVE-2021-42013)",
    howpublished = "\url{https://blog.qualys.com/vulnerabilities-threat-research/2021/10/27/apache-http-server-path-traversal-remote-code-execution-cve-2021-41773-cve-2021-42013}"
}

@misc{rapid7,
    title = "Apache HTTP Server Path Traversal & Remote Code Execution (CVE-2021-41773 & CVE-2021-42013)",
    howpublished = "\url{Apache HTTP Server CVE-2021-41773 Exploited in the Wild}"
}

@misc{blueteamsteve,
    title = "Vulnerable docker images for CVE-2021-41773 Apache path traversal",
    howpublished = "\url{https://github.com/BlueTeamSteve/CVE-2021-41773}"
}

@misc{juniper,
    title = "Apache HTTP Server CVE-2021-42013 and CVE-2021-41773 Exploited in the Wild",
    howpublished = "\url{https://blogs.juniper.net/en-us/threat-research/apache-http-server-cve-2021-42013-and-cve-2021-41773-exploited}"
}

@misc{pt_ruleset,
    title = "Suricata PT Open Ruleset",
    howpublished = "\url{https://github.com/ptresearch/AttackDetection}"
}

@misc{apache_vulns,
    title = "Apache HTTP Server 2.4 vulnerabilities",
    howpublished = "\url{https://httpd.apache.org/security/vulnerabilities_24.html#CVE-2021-41773}"
}

@misc{cloudsek,
    title = "Apache HTTP Server Project CVE-2021-41773 Vulnerability Actively Exploited in the Wild",
    howpublished = "\url{https://cloudsek.com/threatintelligence/cve-2021-41773-apache-http-server-exploited-actively-in-the-wild/}"
}

@misc{cisa_catalog,
    title = "Known Exploited Vulnerabilities Catalog",
    howpublished = "\url{https://www.cisa.gov/known-exploited-vulnerabilities-catalog}"
}

@misc{trendmicro,
    title = "How to detect Apache HTTP Server Exploitation",
    howpublished = "\url{https://www.trendmicro.com/en_my/devops/21/l/how-to-detect-apache-http-server-exploitation.html}"
}

@misc{countercraft,
    title = "CVE-2021-41773 Actively Exploited by H2Miner",
    howpublished = "\url{https://www.countercraftsec.com/blog/post/cve-2021-41773-actively-exploited-by-h2miner/}"
}